@article{Cantor1891,
author = {Cantor, Georg},
title = {Ueber Eine Elementare {F}rage Der {M}annigfaltigkeitslehre},
year = {1891},
journal = {Jahresbericht Der Deutschen Mathematiker-Vereinigung},
pages = {72--78},
}

@article{Cantor1895,
author = {Cantor, Georg},
title = {Beiträge Zur {B}egründung Der Transfiniten {M}engenlehre},
year = {1895},
journal = {Mathematische Annalen},
volume = {46},
number = {4},
pages = {481--512},
doi = {10.1007/BF02124929},
}
 


@article{Gentzen1935a,
author = {Gentzen, Gerhard},
title = {Untersuchungen über Das Logische {S}chließen {I}},
year = {1935},
journal = {Mathematische Zeitschrift},
volume = {39},
number = {2},
}

@article{Gentzen1935b,
author = {Gentzen, Gerhard},
title = {Untersuchungen über Das Logische {S}chließen {II}},
year = {1935},
journal = {Mathematische Zeitschrift},
volume = {39},
number = {3},
}

@article{Gentzen1936,
author = {Gentzen, Gerhard},
title = {Die {W}iederspruchsfreiheit Der Reinen {Z}ahlentheorie},
year = {1936},
journal = {Mathematische Annalen},
volume = {112},
pages = {493--565},
}

@book{Godel1929,
author = {Gödel, Kurt},
title = {Über Die {V}ollst\"andigkeit Des {L}ogikkalküls},
year = {1929},
publisher = {Dissertation. Universität Wien},
}

@article{Godel1931,
author = {Gödel, Kurt},
title = {Über Formal Unentscheidbare {S}ätze Der {P}rincipia {M}athematica Und Verwandter {S}ysteme {I}},
year = {1931},
journal = {Monatshefte Für Mathematik Und Physik},
volume = {38},
pages = {173--198},
doi = {10.1007/BF01700692},
}

@article{Henkin1949,
author = {Henkin, Leon},
title = {The Completeness of the First-Order Functional Calculus},
year = {1949},
journal = {The Journal of Symbolic Logic},
volume = {14},
number = {3},
pages = {159--166},
doi = {10.2307/2267044},
}

@article{Kalmar1935,
author = {Kalmár, László},
title = {Über Die {A}xiomatisierbarkeit Des {A}ussagenkalküls},
year = {1935},
journal = {Acta Scientiarum Mathematicarum},
volume = {7},
pages = {222--243},
}

@book{Lemmon1978,
author = {Lemmon, E. J.},
title = {Beginning {L}ogic},
year = {1978},
address = {Indianapolis},
publisher = {Hackett Pub. Co},
}

@book{MagnusND,
author = {Magnus, P D},
title = {Forallx: An Introduction to Formal Logic},
year = {n.d.},
}

@book{OpenLogicProject2020,
author = {Open Logic Project},
title = {The Open Logic Text},
year = {2020},
}

@book{Suppes1957,
author = {Suppes, Patrick},
title = {Introduction to Logic},
year = {1957},
number = {312 p.},
address = {Princeton, N.J.},
publisher = {D. Van Nostrand Co.},
}

@misc{TellerNDa,
author = {Teller, Paul},
title = {A Modern Formal Logic Primer, Volume I},
year = {n.d.},
}

@misc{TellerNDb,
author = {Teller, Paul},
title = {A Modern Formal Logic Primer, Volume II},
year = {n.d.},
}

@article{Turing1937,
author = {Turing, A. M.},
title = {On Computable Numbers, With an Application to the {E}ntscheidungsproblem},
year = {1937},
journal = {Proceedings of the London Mathematical Society},
volume = {s2-42},
number = {1},
pages = {230--265},
doi = {10.1112/plms/s2-42.1.230},
}

@article{vanBenthemND,
author = {van Benthem, Johan and van Ditmarsch, Hans and van Eijck, Jan and Jaspars, Jan},
title = {Logic in Action –New Edition, November 23, 2016–},
year = {n.d.},
pages = {456},
}

@book{Frege1884,
author = {Frege, Gottlob},
title = {Die {G}rundlagen der {A}rithmetik: Eine logisch mathematische {U}ntersuchung über den {B}egriff der {Z}ahl},
year = {1884},
address = {Breslau},
publisher = {w. Koebner},
}

@book{Frege1893,
author = {Frege, Gottlob},
title = {Grundgesetze der {A}rithmetik},
year = {1893},
volume = {1},
address = {Jena},
publisher = {Verlag Hermann Pohle},
}

@article{Russell1905,
	series = {New {Series}},
	title = {On {Denoting}},
	volume = {14},
	number = {56},
	journal = {Mind},
	author = {Russell, Bertrand},
	year = {1905},
	pages = {479--493},
}

@book{Hilber1950,
	address = {Providence, R.I},
	title = {Principles of mathematical logic},
	isbn = {978-0-8218-2024-7},
	language = {eng},
	publisher = {AMS Chelsea},
	author = {Hilbert, David and Ackermann, W. and Luce, Robert E.},
	collaborator = {American Mathematical Society},
	year = {1950},
	keywords = {Logic, Symbolic and mathematical},
}


@book{Boolos1989,
	address = {New York},
	edition = {3rd ed},
	title = {Computability and Logic},
	isbn = {978-0-521-38026-3 978-0-521-38923-5},
	publisher = {Cambridge university press},
	author = {Boolos, George and Jeffrey, Richard C.},
	year = {1989},
}

@article{Prior1956,
	title = {Modality and Quantification in {S5}},
	volume = {21},
	issn = {0022-4812},
	url = {http://www.jstor.org/stable/2268488},
	doi = {10.2307/2268488},
	number = {1},
	urldate = {2022-12-25},
	journal = {The Journal of Symbolic Logic},
	author = {Prior, A. N.},
	year = {1956},
	note = {Publisher: [Association for Symbolic Logic, Cambridge University Press]},
	pages = {60--62},
	file = {Prior_1956_Modality and Quantification in S5.pdf:/home/adamaymas/.Zotero/storage/YKPFJ2EW/Prior_1956_Modality and Quantification in S5.pdf:application/pdf},
}
@book{Kripke1972,
	address = {Cambridge, MA},
	title = {Naming and {Necessity} {Selection}},
	publisher = {Cambridge University Press},
	author = {Kripke, Saul},
	year = {1972},
}



@article{Barcan1946,
	title = {A functional calculus of first order based on strict implication},
	volume = {11},
	issn = {0022-4812, 1943-5886},
	journal = {Journal of Symbolic Logic},
	author = {Barcan, Ruth C.},
	month = mar,
	year = {1946},
	pages = {1--16},
}

@book{Lemmon1977,
	address = {Oxford},
	title = {{An Introduction to Modal Logic}},
	publisher = {Blackwell},
	author = {Lemmon, Edward J.},
	year = {1977},
}


@book{Lewis1973,
	address = {Oxford},
	title = {Counterfactuals},
	isbn = {0-631-22495-5},
	publisher = {Blackwell},
	author = {Lewis, David K.},
	year = {1973},
}

@article{Yagisawa1988,
	title = {Beyond Possible Worlds},
	volume = {53},
	issn = {0031-8116},
	number = {2},
	urldate = {2016-01-13},
	journal = {Philosophical Studies},
	author = {Yagisawa, Takashi},
	year = {1988},
	pages = {175--204},
}
