@book{Frege1884,
author = {Frege, Gottlob},
title = {Die Grundlagen Der Arithmetik: Eine Logisch Mathematische Untersuchung Ueber Den Begriff Der Zahl},
year = {1884},
address = {Breslau},
publisher = {w. Koebner},
}

@book{Frege1893,
author = {Frege, Gottlob},
title = {Grundgesetze Der Arithmetik},
year = {1893},
volume = {1},
address = {Jena},
publisher = {Verlag Hermann Pohle},
}

