
@article{russell_denoting_1905,
	series = {New {Series}},
	title = {On {Denoting}},
	volume = {14},
	issn = {00264423},
	url = {http://www.jstor.org.ezproxy.libraries.claremont.edu/stable/2248381},
	doi = {10.2307/2248381},
	number = {56},
	urldate = {2009-03-20},
	journal = {Mind},
	author = {Russell, Bertrand},
	month = oct,
	year = {1905},
	note = {ArticleType: primary\_article / Full publication date: Oct., 1905 / Copyright Â© 1905 Oxford University Press},
	pages = {479--493},
	file = {Russell_1905_On Denoting.pdf:/home/adamaymas/.Zotero/storage/JTHSRXWC/Russell_1905_On Denoting.pdf:application/pdf;Russell_1905_On Denoting.pdf:/home/adamaymas/.Zotero/storage/IWN82S8E/Russell_1905_On Denoting.pdf:application/pdf},
}
