
@book{allen2001,
	address = {Cambridge, Massachusetts},
	edition = {second edition},
	title = {Logic {Primer}},
	isbn = {978-0-262-51126-1},
	language = {English},
	publisher = {MIT Press},
	author = {Allen, Colin and Hand, Michael},
	month = feb,
	year = {2001},
}

@book{hunter_1996,
	title = {Metalogic: {An} {Introduction} to the {Metatheory} of {Standard} {First} {Order} {Logic}},
	isbn = {978-0-520-02356-7},
	shorttitle = {Metalogic},
	language = {English},
	publisher = {University of California Press},
	author = {Hunter, Geoffrey},
	month = jun,
	year = {1996},
}
