
@article{hilbert1926,
	title = {Über das {Unendliche}},
	volume = {95},
	issn = {0025-5831; 1432-1807/e},
	url = {https://eudml.org/doc/159124},
	language = {deu},
	urldate = {2023-04-06},
	journal = {Mathematische Annalen},
	author = {Hilbert, D.},
	year = {1926},
	pages = {161--190},
	file = {Hilbert - 1926 - Über das Unendliche.pdf:/home/adamaymas/.Zotero/storage/7CKK6FUU/Hilbert - 1926 - Über das Unendliche.pdf:application/pdf},
}
